@manual{tool:matlab,
	organization = "MathWorks, Inc",
	title = " Matlab Language Reference Manual"
}

@manual{tool:git,
	title = "Pro Git",
	author = "Scott Chacon",
	month = "July",
	day = "29",
	year ="2009"
}

@manual{BF537,
    organization  = "Analog Devices Inc",
    title   = "ADSP-BF537 Blackfin\copyright Processor
Hardware Reference",
   month = "december",
    year    = "2005",
   edition  = "2.0" ,
}

@manual{OV9655,
    organization  = "Omnivision Technologies Inc.",
    title   = "Omnivision OV9655 1.3 megapixel sensor Brief",
   month = "November",
    year    = "2006",
   edition  = "1.7" ,
  adress = "1341 Orleans Drive , Sunnyvale, CA 94089",
 
}

@manual{SCCB,
    organization  = "Omnivision Technologies Inc.",
    title   = "Omnivision  Serial Camera Control Bus (SCCB)",
   month = "25. June",
    year    = "2007",
   edition  = "2.2" ,
  adress = "1341 Orleans Drive , Sunnyvale, CA 94089",
 
}

@paper{precrash,
    organization  = "TNO",
    title   = "Development of a Pre-Crash System using the Vehil Test Facility",
    year    = "2005",
   author = "Paul Lemmen and Olaf Gietelink and Minoo Shah and Chantal Parenteau and Walt Kosiak and Bob Cashler"
}

@conference{N-58496,
author = {Baum, W.},
title = {Basistechnologien und praxisnahe Umsetzungen für mobile Roboterprodukte},
booktitle = {Don't do it yourself! Kleinroboter für Heim und Garten},
pages = {89-101},
year = {2006},
keywords = {mobiler Roboter, Serviceroboter, Roboternavigation, Bahnplanung, Lokalisation, mobile robot, Bildverarbeitung},
abstract = {In dem Vortrag wird ein Überblick über die zur Navigation mobiler Consumer-Roboter erforderlichen Basistechnologien gegeben, wobei der Schwerpunkt auf die Bereiche Lokalisierung und flächendeckende Bahnplanung gelegt wird. Weiterhin wird der Einsatz aktueller Bildverarbeitungsverfahren zur Roboternavigation diskutiert. Schließlich werden Entwicklungstrends aufgezeigt und ein Ausblick auf zukünftig eingesetzte Verfahren gegeben.},
} 

@misc{3DSCAN,
author="Pascal Reolon",
title= {Technische Realisierung eines 3D-Scanners auf Basis der Lichtschnitt-Technik},
year="2006",
month="22. Mai",
adress="Zürich",
}

@conference{REIFEN,
author = {A.Jobst, G. Kostka, U. Haßler and P. Schmitt},
title = {Reifenprüfung mit dem Lichtschnittverfahren},
booktitle = {DACH - Jahrestagung 2004 Salzburg },
volume = {10 No.1},
year = {2005},
} 

@manual{BC517,
    organization  = "Motorola",
    title   = "Darlington Transistor NPN Silicon",
    year    = "1996",
  adress = "P.O. Box 20912; Phoenix, Arizona 85036. 1–800–441–2447",
 
}

@inproceedings {uwscan,
    year = {2008},
    title = {A practical underwater 3D-Laserscanner},
    booktitle = {Proceedings of the MTS/IEEE Conference on Oceans, Poles and Climate. OCEANS-08, Technological Challenges, September 15-18, Quebec,, QC, Canada},
    publisher = {IEEE},
    author = {Marc Hildebrandt and Jochen Kerdels and Jan Albiez and Frank Kirchner},
    organization = {MTS/ IEEE Oceans},
}


@misc{david,
title= "Technische Realisierung eines 3D-Scanners auf Basis der Lichtschnitt-Technik",
organization= "David Visions system GmbH",
adress= {Rudolf-Diesel-Str. 2a 56070 Koblenz},
}


@paper{kinect,
    organization  = "Technische Universität München",
    title   = "Kinect Programming for Computer Vision",
    year    = "Summer Term 2011 – 1.6.2011",
   author = "Victor Castaneda and Nassir Navab",
}


@book{digbild,
	title= {Digitale Bildverarbeitung},
	author = {Bernd Jähne},
	publisher = {Springer},
	adress = {Berlin} ,
	Volume = {6. Auflage}, 
	Year = {2005}
}

@book{imgproc,
	title= {The image processing Handbook},
	author = {John C. Russ},
	publisher = {Springer},
	adress = {Berlin} ,
	Volume = {5. Auflage}, 
	Year = {2007}
}

@misc{yuvbild,
	title= {Barn-yuv.png}, 
	howpublished= {Creative Commons CC0 1.0 Universal Public Domain Dedication},
	note= {\\URL: \url{http://de.wikipedia.org/w/index.php?title=Datei:Barn-yuv.png}},
}

@misc{rgbbild,
	title= {Barn grand tetons rgb separation.jpg}, 
	howpublished= {Creative Commons CC0 1.0 Universal Public Domain Dedication},
	note= {\\URL: \url{http://en.m.wikipedia.org/wiki/File:Barn\_grand\_tetons\_rgb\_separation.jpg}},
}




@misc{sobel,
	title = "{Bikesgray.jpg}, {Bikesgray\_Sobel.jpg}, {Bikesgraygv.jpg}, {Bikesgraygh.jpg}",
	howpublished ={Creative Commons Attribution-Share Alike 3.0 Unported},
	note= {\\URLs: \url{http://en.wikipedia.org/wiki/File:Bikesgray.jpg}, \url{http://en.wikipedia.org/wiki/File:Bikesgray\_Sobel.jpg}, \url{http://en.wikipedia.org/wiki/File:Bikesgraygv.jpg}, \url{http://en.wikipedia.org/wiki/File:Bikesgraygh.jpg}}
}

@misc{houghraum,
	title= {Hough-example-result.png},
	howpublished = {Creative Commons-Lizenz 3.0 Unported},
	note= {\\URL: \url{http://de.wikipedia.org/w/index.php?title=Datei:Hough-example-result.png}}
}

@misc{blackfin,
	title={bfboards1.jpg},
	note ={\\URL: \url{http://www.surveyor.com/blackfin/bfboards1.jpg}}
}

@misc{laser,
	title={63.jpg},
	note ={\\URL: \url{http://www.innovam.com/images/63.jpg}}
}

@misc{absorbtion,
	title={tabelle\_tauchensehen\_ger.jpg},
	note ={\\URL: \url{http://vmrz0100.vm.ruhr-uni-bochum.de/spomedial/content/e866/e2442/e10003/e10010/e10132/e10194/e10198/tabelle_tauchensehen_ger.jpg}}
}


@misc{stereo,
	title={Stereovisionssystem der Firma Surveyor},
	note ={\\URL: \url{http://www.surveyor.com/stereo/stereo_info.html}}
}

@misc{canny,
	title={Erklärung zur Funktionsweise des Canny},
	note ={\\URL: \url{http://en.wikipedia.org/wiki/Canny_edge_detector
}}
}
